<record><leader>00000cas a22000007a 4500</leader><controlfield tag="001">41364216</controlfield><controlfield tag="008">990514d19761980tnuir ne      0    0eng d</controlfield><datafield ind1=" " ind2=" " tag="010"><subfield code="a">sn 99065818 </subfield></datafield><datafield ind1=" " ind2=" " tag="040"><subfield code="a">TGN</subfield><subfield code="b">eng</subfield><subfield code="c">TGN</subfield><subfield code="d">OCLCF</subfield><subfield code="d">OCLCO</subfield></datafield><datafield ind1="1" ind2=" " tag="029"><subfield code="a">AU@</subfield><subfield code="b">000020123812</subfield></datafield><datafield ind1=" " ind2=" " tag="042"><subfield code="a">msc</subfield></datafield><datafield ind1="0" ind2="4" tag="245"><subfield code="a">The Sevierville, Sevier County news-record.</subfield></datafield><datafield ind1="1" ind2=" " tag="246"><subfield code="i">Colophon title:</subfield><subfield code="a">Sevier County news-record</subfield></datafield><datafield ind1=" " ind2=" " tag="260"><subfield code="a">Sevierville, Tenn. :</subfield><subfield code="b">Bill Postlewaite,</subfield><subfield code="c">1976-1980.</subfield></datafield><datafield ind1=" " ind2=" " tag="300"><subfield code="a">v.</subfield></datafield><datafield ind1=" " ind2=" " tag="310"><subfield code="a">Three times a week,</subfield><subfield code="b">Oct. 1, 1979-Dec. 31, 1980</subfield></datafield><datafield ind1=" " ind2=" " tag="321"><subfield code="a">Semiweekly,</subfield><subfield code="b">Sept. 14, 1976-Sept. 27, 1979</subfield></datafield><datafield ind1="0" ind2=" " tag="362"><subfield code="a">94th year, no. 96 (Sept. 14, 1976)-99th year, no. 33 (Dec. 31, 1980).</subfield></datafield><datafield ind1=" " ind2=" " tag="580"><subfield code="a">Merged with: Gatlinburg press (Gatlinburg, Tenn. : 1953), to form: Sevierville, Sevier County news-record and Gatlinburg press.</subfield></datafield><datafield ind1=" " ind2="0" tag="651"><subfield code="a">Sevierville (Tenn.)</subfield><subfield code="v">Newspapers.</subfield></datafield><datafield ind1=" " ind2="0" tag="651"><subfield code="a">Sevier County (Tenn.)</subfield><subfield code="v">Newspapers.</subfield></datafield><datafield ind1=" " ind2="7" tag="655"><subfield code="a">Newspapers.</subfield><subfield code="2">fast</subfield><subfield code="0">(OCoLC)fst01423814</subfield></datafield><datafield ind1=" " ind2="7" tag="651"><subfield code="a">Tennessee</subfield><subfield code="z">Sevier County.</subfield><subfield code="2">fast</subfield><subfield code="0">(OCoLC)fst01223224</subfield></datafield><datafield ind1=" " ind2="7" tag="651"><subfield code="a">Tennessee</subfield><subfield code="z">Sevierville.</subfield><subfield code="2">fast</subfield><subfield code="0">(OCoLC)fst01227763</subfield></datafield><datafield ind1=" " ind2=" " tag="752"><subfield code="a">United States</subfield><subfield code="b">Tennessee</subfield><subfield code="c">Sevier</subfield><subfield code="d">Sevierville.</subfield></datafield><datafield ind1="0" ind2="0" tag="780"><subfield code="t">Sevier County news-record (Sevierville, Tenn. : 1967)</subfield><subfield code="w">(DLC)sn 99065816</subfield></datafield><datafield ind1="1" ind2="7" tag="785"><subfield code="t">Gatlinburg press (Gatlinburg, Tenn. : 1953)</subfield></datafield><datafield ind1="1" ind2="7" tag="785"><subfield code="t">Sevierville, Sevier County new-record and Gatlinburg press</subfield><subfield code="w">(DLC)sn 99065819</subfield></datafield></record>